<record xmlns="http://www.loc.gov/MARC21/slim" xmlns:xsi="http://www.w3.org/2001/XMLSchema-instance" xsi:schemaLocation="http://www.loc.gov/MARC21/slim http://www.loc.gov/standards/marcxml/schema/MARC21slim.xsd"><leader>02070nam a2200397   4500</leader><controlfield tag="001">3072729</controlfield><controlfield tag="003">NNC</controlfield><controlfield tag="006">m        d        </controlfield><controlfield tag="007">cr cn |||m|||a</controlfield><controlfield tag="008">150223s1954    le      ob    000 0 araod</controlfield><datafield ind1=" " ind2=" " tag="040"><subfield code="a">NNU</subfield><subfield code="b">eng</subfield><subfield code="c">NNU</subfield></datafield><datafield ind1=" " ind2=" " tag="043"><subfield code="a">a------</subfield><subfield code="a">f------</subfield></datafield><datafield ind1=" " ind2="4" tag="050"><subfield code="a">D199.3</subfield><subfield code="b">.Y3 1954</subfield></datafield><datafield ind1="1" ind2=" " tag="100"><subfield code="6">880-01</subfield><subfield code="a">Ya&#772;ziji&#772;, Kama&#772;l.</subfield></datafield><datafield ind1="1" ind2="0" tag="245"><subfield code="6">880-02</subfield><subfield code="a">Ma&#699;a&#772;lim al-fikr al-&#699;Arabi&#772; wa-huwwa &#699;ard&#803; mujmal li-tura&#772;th al-&#699;Arab al-fikri&#772; fi&#772; ibba&#772;n nahd&#803;atihim al-&#699;ilmi&#772;yah</subfield><subfield code="h">[electronic resource] /</subfield><subfield code="c">Kama&#772;l al-Ya&#772;ziji&#772;.</subfield></datafield><datafield ind1=" " ind2=" " tag="260"><subfield code="6">880-03</subfield><subfield code="a">Bayru&#772;t :</subfield><subfield code="b">Da&#772;r al-&#699;Ilm lil-Mala&#772;yi&#772;n,</subfield><subfield code="c">[1954]</subfield></datafield><datafield ind1=" " ind2=" " tag="300"><subfield code="a">online resource (272 p.)</subfield></datafield><datafield ind1=" " ind2=" " tag="500"><subfield code="a">Part of the Arabic Collections Online (ACO) project, contributed by Columbia University Libraries.</subfield></datafield><datafield ind1=" " ind2=" " tag="504"><subfield code="a">Includes bibliographical references.</subfield></datafield><datafield ind1=" " ind2=" " tag="533"><subfield code="a">Electronic reproduction.</subfield><subfield code="b">New York, N.Y. :</subfield><subfield code="c">New York University,</subfield><subfield code="d">2015.</subfield><subfield code="5">NNU</subfield></datafield><datafield ind1=" " ind2="0" tag="651"><subfield code="a">Islamic countries</subfield><subfield code="x">Intellectual life.</subfield></datafield><datafield ind1=" " ind2="0" tag="650"><subfield code="a">Islamic philosophy.</subfield></datafield><datafield ind1=" " ind2="0" tag="650"><subfield code="a">Philosophy, Arab.</subfield></datafield><datafield ind1=" " ind2="7" tag="650"><subfield code="a">Intellectual life.</subfield><subfield code="2">fast</subfield><subfield code="0">(OCoLC)fst00975769</subfield></datafield><datafield ind1=" " ind2="7" tag="650"><subfield code="a">Islamic philosophy.</subfield><subfield code="2">fast</subfield><subfield code="0">(OCoLC)fst01730358</subfield></datafield><datafield ind1=" " ind2="7" tag="650"><subfield code="a">Philosophy, Arab.</subfield><subfield code="2">fast</subfield><subfield code="0">(OCoLC)fst01060873</subfield></datafield><datafield ind1=" " ind2="7" tag="651"><subfield code="a">Islamic countries.</subfield><subfield code="2">fast</subfield><subfield code="0">(OCoLC)fst01244130</subfield></datafield><datafield ind1="2" ind2=" " tag="710"><subfield code="a">Columbia University.</subfield><subfield code="b">Libraries.</subfield></datafield><datafield ind1="0" ind2=" " tag="730"><subfield code="a">Arabic Collections Online.</subfield></datafield><datafield ind1="0" ind2="8" tag="776"><subfield code="i">Print version:</subfield><subfield code="a">Ya&#772;ziji&#772;, Kama&#772;l.</subfield><subfield code="t">Ma&#699;a&#772;lim al-fikr al-&#699;Arabi&#772; wa-huwwa &#699;ard&#803; mujmal li-tura&#772;th al-&#699;Arab al-fikri&#772; fi&#772; ibba&#772;n nahd&#803;atihim al-&#699;ilmi&#772;yah</subfield><subfield code="w">(NNC)3072729</subfield><subfield code="w">(OCoLC)41007741</subfield></datafield><datafield ind1="4" ind2="0" tag="856"><subfield code="u">http://hdl.handle.net/2333.1/3r2282b9</subfield></datafield><datafield ind1="1" ind2=" " tag="880"><subfield code="6">100-01/r</subfield><subfield code="a">&#1610;&#1575;&#1586;&#1580;&#1610;&#1548; &#1603;&#1605;&#1575;&#1604;.</subfield></datafield><datafield ind1="1" ind2="0" tag="880"><subfield code="6">245-02/r</subfield><subfield code="a">&#1605;&#1593;&#1575;&#1604;&#1605; &#1575;&#1604;&#1601;&#1603;&#1585; &#1575;&#1604;&#1593;&#1585;&#1576;&#1610; &#1608;&#1607;&#1608; &#1593;&#1585;&#1590; &#1605;&#1580;&#1605;&#1604; &#1604;&#1578;&#1585;&#1575;&#1579; &#1575;&#1604;&#1593;&#1585;&#1576; &#1575;&#1604;&#1601;&#1603;&#1585;&#1610; &#1601;&#1610; &#1575;&#1576;&#1575;&#1606; &#1606;&#1607;&#1590;&#1578;&#1607;&#1605; &#1575;&#1604;&#1593;&#1604;&#1605;&#1610;&#1577; /</subfield><subfield code="c">&#1603;&#1605;&#1575;&#1604; &#1575;&#1604;&#1610;&#1575;&#1586;&#1580;&#1610;.</subfield></datafield><datafield ind1=" " ind2=" " tag="880"><subfield code="6">260-03/r</subfield><subfield code="a">&#1576;&#1610;&#1585;&#1608;&#1578; :</subfield><subfield code="b">&#1583;&#1575;&#1585; &#1575;&#1604;&#1593;&#1604;&#1605; &#1604;&#1604;&#1605;&#1604;&#1575;&#1610;&#1610;&#1606;&#1548;</subfield><subfield code="c">[1954]</subfield></datafield><datafield ind1=" " ind2=" " tag="959"><subfield code="a">NNU</subfield><subfield code="b">WEB</subfield><subfield code="c">GENI</subfield><subfield code="t">0</subfield><subfield code="m">Electronic access</subfield><subfield code="s">01</subfield></datafield><datafield ind1=" " ind2=" " tag="999"><subfield code="i">NNC_3072729</subfield><subfield code="o">(OCoLC)41007741</subfield><subfield code="s">columbia_aco000085</subfield></datafield></record>